@book{aristotle:physics,
    author = {Aristotle},
    title = {Physics},
    year = {1929},
    publisher = {G. P. Putnam},
}

@misc{web:t-values,
    author = "{TU Dortmund}",
    year = {2023},
    title = {Tabelle der t-Verteilung},
    url = {https://www.statistik.tu-dortmund.de/fileadmin/user_upload/Lehrstuehle/Oekonometrie/Lehre/WiSoOekoSS16/tabelletV.pdf},
    note = {(Zugriff am 25.02.2023)}
}

@online{web:Gartenratgeber,
    title = {Kresse, Gartenkresse},
    author = "{GartenRatgeber.net}",
    note = {(Zugriff am 25.02.2023)},
    url = {https://www.gartenratgeber.net/pflanzen/kresse-gartenkresse.html},
    keywords = {untrusted},
}

@online{web:meinschoenergarten,
    title = {Gartenkresse},
    author = {Verena Schmidt},
    year = {2022},
    note = {(Zugriff am 26.02.2023)},
    url = {https://www.mein-schoener-garten.de/pflanzen/gemuese/gartenkresse},
    keywords = {untrusted},
}

@online{web:salzstress,
    title = {Stress durch zu viel Salz},
    author = "{Redaktion Pflanzenforschung.de}",
    year = {2012},
    note = {(Zugriff am 26.02.2023)},
    url = {https://www.pflanzenforschung.de/de/pflanzenwissen/journal/stress-durch-zu-viel-salz-2118},
    keywords = {trusted},
}

@online{web:phwert,
    title = {Nährstoffverfügbarkeit},
    author = "{Spektrum Akademischer Verlag}",
    year = {2001},
    note = {(Zugriff am 26.02.2023)},
    url = {https://www.spektrum.de/lexikon/biologie-kompakt/naehrstoffverfuegbarkeit/7992},
    keywords = {trusted},
}